%% This BibTeX bibliography file was created using BibDesk.
%% http://bibdesk.sourceforge.net/

%% Created for Mantas Serapinas at 2018-03-22 16:02:18 +0000


%% Saved with string encoding Unicode (UTF-8)



@manual{malloc_tutorial,
	Author = {Marwan Burelle},
	Date-Added = {2018-03-22 16:01:23 +0000},
	Date-Modified = {2018-03-22 16:02:17 +0000},
	Month = {February},
	Organization = {Laboratoire Systeme et Securite de l'EPITA (LSE)},
	Title = {A Malloc Tutorial},
	Year = {2009}}

@webpage{grpc_issue,
	Date-Added = {2018-03-20 21:40:04 +0000},
	Date-Modified = {2018-03-20 21:43:29 +0000},
	Month = {December},
	Title = {grpc c++ fails to compile (zlib)},
	Url = {https://github.com/grpc/grpc/issues/13640},
	Year = {2017}}

@url{grpc,
	Author = {Google},
	Date-Added = {2018-03-20 16:22:51 +0000},
	Date-Modified = {2018-03-20 16:25:41 +0000},
	Url = {https://grpc.io/docs/guides},
	Year = {2018}}

@misc{openshmem_fig,
	Author = {OpenSHMEM-1.3.pdf},
	Date-Added = {2018-03-20 15:59:47 +0000},
	Date-Modified = {2018-03-20 16:18:29 +0000},
	Edition = {1.3},
	Keywords = {openshmem},
	Month = {February},
	Title = {OpenSHMEM: Application Programming Interface},
	Year = {2016}}

@article{openshmem,
	Author = {Chapman, Barbara and Curtis, Tony and Pophale, Swaroop and Poole, Stephen and Kuehn, Jeff and Koelbel, Chuck and Smith, Lauren},
	Date-Added = {2018-03-20 15:32:49 +0000},
	Date-Modified = {2018-03-20 15:32:49 +0000},
	Month = {10},
	Title = {Introducing OpenSHMEM: SHMEM for the PGAS community},
	Year = {2010}}

@article{synchronous-replication,
	Author = {Margaret Rouse},
	Date-Added = {2018-01-26 12:19:22 +0000},
	Date-Modified = {2018-01-26 12:20:42 +0000},
	Journal = {WhatIs.com},
	Title = {Synchronous replication},
	Year = {2016}}

@inproceedings{ycsb,
	Address = {New York, NY, USA},
	Author = {Brian F. Cooper and Adam Silberstein and Erwin Tam and Raghu Ramakrishnan and Russell Sears},
	Booktitle = {Proceedings of the 1st ACM Symposium on Cloud Computing},
	Date-Added = {2018-01-26 12:06:58 +0000},
	Date-Modified = {2018-01-26 12:14:38 +0000},
	Keywords = {benchmarking, cloud serving database},
	Lastchecked = {2018-01-26},
	Pages = {143--154},
	Publisher = {ACM},
	Series = {SoCC '10},
	Title = {Benchmarking Cloud Serving Systems with YCSB},
	Url = {https://www2.cs.duke.edu/courses/fall13/cps296.4/838-CloudPapers/ycsb.pdf},
	Year = {2010},
	Bdsk-Url-1 = {https://www2.cs.duke.edu/courses/fall13/cps296.4/838-CloudPapers/ycsb.pdf}}

@webpage{google-spanner,
	Author = {Google},
	Date-Added = {2018-01-26 12:01:44 +0000},
	Date-Modified = {2018-01-26 13:30:37 +0000},
	Keywords = {Google, spanner},
	Lastchecked = {2018-01-26},
	Url = {https://cloud.google.com/spanner/},
	Year = {2018},
	Bdsk-Url-1 = {https://cloud.google.com/spanner/}}

@webpage{google-datastore,
	Author = {Google},
	Date-Added = {2018-01-26 11:55:59 +0000},
	Date-Modified = {2018-01-26 13:30:45 +0000},
	Keywords = {Google, datastore},
	Lastchecked = {2018-01-26},
	Url = {https://cloud.google.com/datastore/},
	Year = {2018},
	Bdsk-Url-1 = {https://cloud.google.com/datastore/}}

@webpage{google-bigtable,
	Author = {Google},
	Date-Added = {2018-01-26 11:52:17 +0000},
	Date-Modified = {2018-01-26 13:30:50 +0000},
	Keywords = {Google, bigtable},
	Lastchecked = {2018-01-26},
	Url = {https://cloud.google.com/bigtable/},
	Year = {2018},
	Bdsk-Url-1 = {https://cloud.google.com/bigtable/}}

@article{nosql-data-stores,
	Author = {Katarina Grolinger and Wilson A Higashino and Abhinav Tiwari and Miriam AM Capretz},
	Date-Added = {2018-01-26 11:29:07 +0000},
	Date-Modified = {2018-01-26 11:31:27 +0000},
	Journal = {Journal of Cloud Computing: Advances, Systems and Applications},
	Month = {December},
	Title = {Data management in cloud environments: NoSQL and NewSQL data stores},
	Year = {2013}}

@inproceedings{vodca,
	Author = {Z.Huang and W.Chen and M.Purvis and W.Zheng},
	Booktitle = {Cluster Computing and the Grid, 2006. CCGRID 06. Sixth IEEE International Symposium on},
	Date-Added = {2018-01-26 11:15:25 +0000},
	Date-Modified = {2018-01-26 11:21:54 +0000},
	Keywords = {distributed shared memory sysetems; parallel programming;},
	Month = {May},
	Pages = {15-15},
	Title = {VODCA: View-Oriented, Distributed, Cluster-based Approach to parallel computing},
	Volume = {2},
	Year = {2006}}

@article{leadlmalloc,
  title={Dlmalloc, 2010},
  author={Lea, D},
  journal={URL http://g. oswego. edu/dl/html/malloc. html}
}

@article{reaps,
 author = {Berger, Emery D. and Zorn, Benjamin G. and McKinley, Kathryn S.},
 title = {Reconsidering Custom Memory Allocation},
 journal = {SIGPLAN Not.},
 issue_date = {November 2002},
 volume = {37},
 number = {11},
 month = nov,
 year = {2002},
 issn = {0362-1340},
 pages = {1--12},
 numpages = {12},
 url = {http://doi.acm.org/10.1145/583854.582421},
 doi = {10.1145/583854.582421},
 acmid = {582421},
 publisher = {ACM},
 address = {New York, NY, USA},
}
